@misc{sqlinjection,
    author    = "OWASP",
    title     = "SQL Injection Prevention Cheat Sheet",
    url       = "https://www.owasp.org/index.php/SQL_Injection_Prevention_Cheat_Sheet"
}

@article{OWASP_Top_10,
    author =       "OWASP",
    title =        "OWASP Top 10 - 2017 (The Ten Most Critical Web Application Security Risks)",
    year =         "2017",
    url =          "https://www.owasp.org/images/7/72/OWASP_Top_10-2017_%28en%29.pdf.pdf"
}

@misc{ProactiveControls,
  author = "OWASP",
  title = "OWASP Proactive Controls",
  url = "https://www.owasp.org/index.php/OWASP_Proactive_Controls"
}

@misc{aspOverview,
  author = "Microsoft Developer Network",
  title = "ASP.NET Overview",
  url = "https://msdn.microsoft.com/en-us/library/4w3ex9c2.aspx"
}

@misc{aspCompilationOverview,
  author = "Microsoft Developer Network",
  title = "ASP.NET Compilation Overview",
  url = "https://msdn.microsoft.com/en-us/library/ms178466.aspx"
}

@misc{aspAdvantages,
  author = "Andreas Blixt",
  title = "What are the advantages and disadvantages of using ASP.NET ?",
  url = "https://www.quora.com/What-are-the-advantages-and-disadvantages-of-using-ASP-NET"
}

@misc{phpIntro,
  author = "PHP Development Team",
  title = "PHP: What is PHP? - Manual",
  url = "http://php.net/manual/en/intro-whatis.php"
}

@misc{phpInstallConfig,
  author = "PHP Development Team",
  title = "PHP: Installation and Configuration  - Manual",
  url = "http://php.net/manual/en/install.php"
}

@misc{serverSideComparison,
  author = "Orient Software",
  title = "ASP.NET vs PHP",
  url = "https://www.orientsoftware.net/technologies/microsoft-net/aspnet-vs-php/"
}
